<?xml version="1.0" encoding="UTF-8"?><collection xmlns="http://www.loc.gov/MARC21/slim"><record><leader>00510nam--2200181-i-4500</leader><controlfield tag="001">000046519</controlfield><controlfield tag="002">20161230</controlfield><controlfield tag="005">20161230201046</controlfield><controlfield tag="008">060222s1000------------r-----000-0-ger-d</controlfield><datafield ind1=" " ind2=" " tag="040"><subfield code="a">IFIN-HH</subfield></datafield><datafield ind1=" " ind2=" " tag="041"><subfield code="a">ger</subfield></datafield><datafield ind1=" " ind2=" " tag="080"><subfield code="a">538.9:537.622.5(043)</subfield></datafield><datafield ind1="1" ind2=" " tag="100"><subfield code="a">Uwira, Bernd</subfield></datafield><datafield ind1="1" ind2="0" tag="245"><subfield code="a">Defektinduzierte magnonen in uniaxialen antiferromagnetischen isolatoren</subfield><subfield code="b">Dissertation</subfield><subfield code="c">Bernd uwira</subfield></datafield><datafield ind1=" " ind2=" " tag="260"><subfield code="a">Stuttgart</subfield><subfield code="b">Universitat</subfield><subfield code="c">1979</subfield></datafield><datafield ind1=" " ind2=" " tag="300"><subfield code="a">119P</subfield></datafield><datafield ind1=" " ind2=" " tag="852"><subfield code="a">47397</subfield><subfield code="c">538.221</subfield></datafield><datafield ind1=" " ind2=" " tag="CAT"><subfield code="a">Sys</subfield><subfield code="c">20110920</subfield><subfield code="h">125632</subfield></datafield></record></collection>